@INPROCEEDINGS{6195332, 
author={L. S. P. Busagala and W. Ohyama and T. Wakabayashi and F. Kimura}, 
booktitle={2012 10th IAPR International Workshop on Document Analysis Systems}, 
title={Multiple Feature-Classifier Combination in Automated Text Classification}, 
year={2012}, 
volume={}, 
number={}, 
pages={43-47}, 
keywords={learning (artificial intelligence);pattern classification;text analysis;multiple feature-classifier combination;automated text classification;electronic document;information access;information retrieval;feature set;learning algorithm;classification effectiveness;text collection;Support vector machines;Text categorization;Principal component analysis;Machine learning;Information retrieval;Training;Vectors;Feature-Classifier Combination;Multi-classifier combination;ensembles;Text Classification/Categorization;Feature reduction}, 
doi={10.1109/DAS.2012.56}, 
ISSN={}, 
month={March},}

@article{Bengio:2003:NPL:944919.944966,
 author = {Bengio, Yoshua and Ducharme, R{\'e}jean and Vincent, Pascal and Janvin, Christian},
 title = {A Neural Probabilistic Language Model},
 journal = {J. Mach. Learn. Res.},
 issue_date = {3/1/2003},
 volume = {3},
 month = mar,
 year = {2003},
 issn = {1532-4435},
 pages = {1137--1155},
 numpages = {19},
 url = {http://dl.acm.org/citation.cfm?id=944919.944966},
 acmid = {944966},
 publisher = {JMLR.org},
}

@article{DBLP:journals/corr/KirosZSZTUF15,
  author    = {Ryan Kiros and
               Yukun Zhu and
               Ruslan Salakhutdinov and
               Richard S. Zemel and
               Antonio Torralba and
               Raquel Urtasun and
               Sanja Fidler},
  title     = {Skip-Thought Vectors},
  journal   = {CoRR},
  volume    = {abs/1506.06726},
  year      = {2015},
  url       = {http://arxiv.org/abs/1506.06726},
  archivePrefix = {arXiv},
  eprint    = {1506.06726},
  timestamp = {Mon, 13 Aug 2018 16:48:27 +0200},
  biburl    = {https://dblp.org/rec/bib/journals/corr/KirosZSZTUF15},
  bibsource = {dblp computer science bibliography, https://dblp.org}
}

@article{DBLP:journals/corr/abs-1803-11175,
  author    = {Daniel Cer and
               Yinfei Yang and
               Sheng{-}yi Kong and
               Nan Hua and
               Nicole Limtiaco and
               Rhomni St. John and
               Noah Constant and
               Mario Guajardo{-}Cespedes and
               Steve Yuan and
               Chris Tar and
               Yun{-}Hsuan Sung and
               Brian Strope and
               Ray Kurzweil},
  title     = {Universal Sentence Encoder},
  journal   = {CoRR},
  volume    = {abs/1803.11175},
  year      = {2018},
  url       = {http://arxiv.org/abs/1803.11175},
  archivePrefix = {arXiv},
  eprint    = {1803.11175},
  timestamp = {Mon, 13 Aug 2018 16:46:40 +0200},
  biburl    = {https://dblp.org/rec/bib/journals/corr/abs-1803-11175},
  bibsource = {dblp computer science bibliography, https://dblp.org}
}

@article{DBLP:journals/corr/abs-1802-05365,
  author    = {Matthew E. Peters and
               Mark Neumann and
               Mohit Iyyer and
               Matt Gardner and
               Christopher Clark and
               Kenton Lee and
               Luke Zettlemoyer},
  title     = {Deep contextualized word representations},
  journal   = {CoRR},
  volume    = {abs/1802.05365},
  year      = {2018},
  url       = {http://arxiv.org/abs/1802.05365},
  archivePrefix = {arXiv},
  eprint    = {1802.05365},
  timestamp = {Mon, 13 Aug 2018 16:48:54 +0200},
  biburl    = {https://dblp.org/rec/bib/journals/corr/abs-1802-05365},
  bibsource = {dblp computer science bibliography, https://dblp.org}
}

@article{DBLP:journals/corr/abs-1709-08267,
  author    = {Kamran Kowsari and
               Donald E. Brown and
               Mojtaba Heidarysafa and
               Kiana Jafari Meimandi and
               Matthew S. Gerber and
               Laura E. Barnes},
  title     = {HDLTex: Hierarchical Deep Learning for Text Classification},
  journal   = {CoRR},
  volume    = {abs/1709.08267},
  year      = {2017},
  url       = {http://arxiv.org/abs/1709.08267},
  archivePrefix = {arXiv},
  eprint    = {1709.08267},
  timestamp = {Mon, 13 Aug 2018 16:47:15 +0200},
  biburl    = {https://dblp.org/rec/bib/journals/corr/abs-1709-08267},
  bibsource = {dblp computer science bibliography, https://dblp.org}
}

@article{DBLP:journals/corr/abs-1803-01271,
  author    = {Shaojie Bai and
               J. Zico Kolter and
               Vladlen Koltun},
  title     = {An Empirical Evaluation of Generic Convolutional and Recurrent Networks
               for Sequence Modeling},
  journal   = {CoRR},
  volume    = {abs/1803.01271},
  year      = {2018},
  url       = {http://arxiv.org/abs/1803.01271},
  archivePrefix = {arXiv},
  eprint    = {1803.01271},
  timestamp = {Mon, 13 Aug 2018 16:47:39 +0200},
  biburl    = {https://dblp.org/rec/bib/journals/corr/abs-1803-01271},
  bibsource = {dblp computer science bibliography, https://dblp.org}
}

@article{DBLP:journals/corr/HorneA17,
  author    = {Benjamin D. Horne and
               Sibel Adali},
  title     = {This Just In: Fake News Packs a Lot in Title, Uses Simpler, Repetitive
               Content in Text Body, More Similar to Satire than Real News},
  journal   = {CoRR},
  volume    = {abs/1703.09398},
  year      = {2017},
  url       = {http://arxiv.org/abs/1703.09398},
  archivePrefix = {arXiv},
  eprint    = {1703.09398},
  timestamp = {Mon, 13 Aug 2018 16:45:58 +0200},
  biburl    = {https://dblp.org/rec/bib/journals/corr/HorneA17},
  bibsource = {dblp computer science bibliography, https://dblp.org}
}
